
@article{boehmer2007,
  author = {C. G. Böhmer and T. Harko},
  title = {Non-Singular, Static, Spherically Symmetric Solutions in Einstein–Cartan Theory},
  journal = {Class. Quant. Grav.},
  volume = {24},
  pages = {3191},
  year = {2007}
}

@article{Poplawski2010,
  title = {Nonsingular big bounce from spinor–torsion coupling},
  journal = {Phys. Lett. B},
  author = {Popławski, N. J.},
  year = {2010},
  volume = {...},
  pages = {...}
}


@article{poplawski2012,
  author = {N. J. Popławski},
  title = {Nonsingular, big-bounce cosmology from spin and torsion},
  journal = {Phys. Rev. D},
  volume = {85},
  pages = {107502},
  year = {2012},
  eprint = {0911.0334}
}

@article{alford1998,
  author = {M. Alford and K. Rajagopal and F. Wilczek},
  title = {QCD at finite baryon density: Nucleon droplets and color superconductivity},
  journal = {Phys. Lett. B},
  volume = {422},
  pages = {247},
  year = {1998}
}

@article{ashtekar2022,
  author = {A. Ashtekar},
  title = {An overview of Loop Quantum Gravity and Cosmology},
  journal = {Rev. Mod. Phys.},
  volume = {94},
  pages = {011002},
  year = {2022}
}

@article{kearney2017,
  author = {J. Kearney and N. Orlofsky and A. Pierce},
  title = {Pulsar Timing, Solar System Ephemerides, and the Missing Gravitational Wave Background},
  journal = {Phys. Rev. D},
  volume = {95},
  pages = {083526},
  year = {2017},
  eprint = {1611.05000}
}

@article{ligo2019,
  author = {B. P. Abbott et al. (LIGO Scientific, Virgo)},
  title = {GWTC-1: A Gravitational-Wave Transient Catalog of Compact Binary Mergers Observed by LIGO and Virgo during the First and Second Observing Runs},
  journal = {Phys. Rev. X},
  volume = {9},
  pages = {031040},
  year = {2019}
}

@article{eht2019,
  author = {K. Akiyama et al. (EHT Collaboration)},
  title = {First M87 Event Horizon Telescope Results. I. The Shadow of the Supermassive Black Hole},
  journal = {Astrophys. J. Lett.},
  volume = {875},
  pages = {L1},
  year = {2019}
}

@article{inoue2021,
  author = {A. Inoue et al.},
  title = {Observational Evidence for Rotating Galaxy Formation 12.5 Billion Years Ago},
  journal = {Nature Astronomy},
  volume = {5},
  pages = {529},
  year = {2021}
}

@article{gasenzer2012,
  author = {T. Gasenzer and J. Berges and M. Gelfand and D. Sexty},
  title = {Quantum turbulence and superflow in a universal Bose gas},
  journal = {New J. Phys.},
  volume = {14},
  pages = {075009},
  year = {2012}
}

@article{labbe2023jwst,
  author = {I. Labbé et al.},
  title = {A population of red candidate massive galaxies ~600 Myr after the Big Bang},
  journal = {Nature},
  volume = {616},
  pages = {266--270},
  year = {2023},
  doi = {10.1038/s41586-023-05786-2}
}

@article{DESI2023,
  author = {DESI Collaboration},
  title = {The Completed SDSS-IV extended Baryon Oscillation Spectroscopic Survey: Cosmological implications from two decades of spectroscopy},
  journal = {arXiv preprint},
  year = {2023},
  eprint = {2305.17173}
}

@article{bowman2018edges,
  author = {J. D. Bowman et al.},
  title = {An absorption profile centred at 78 megahertz in the sky-averaged spectrum},
  journal = {Nature},
  volume = {555},
  pages = {67--70},
  year = {2018},
  doi = {10.1038/nature25792}
}

@article{planck2020,
  author = {Planck Collaboration},
  title = {Planck 2018 results. X. Constraints on inflation},
  journal = {Astronomy & Astrophysics},
  volume = {641},
  pages = {A10},
  year = {2020},
  doi = {10.1051/0004-6361/201833887}
}

@article{litebird2023,
  author = {LiteBIRD Collaboration},
  title = {LiteBIRD: Mission Overview and Design Progress},
  journal = {J. Low Temp. Phys.},
  volume = {199},
  pages = {1107--1117},
  year = {2023},
  doi = {10.1007/s10909-022-02841-5}
}

@article{lisa2022,
  author = {P. Amaro-Seoane et al.},
  title = {Laser Interferometer Space Antenna},
  journal = {arXiv preprint},
  eprint = {1702.00786},
  year = {2022}
}

@article{hehl1976,
  author = {F. W. Hehl, P. von der Heyde, G. D. Kerlick, and J. M. Nester},
  title = {General relativity with spin and torsion: Foundations and prospects},
  journal = {Rev. Mod. Phys.},
  volume = {48},
  pages = {393},
  year = {1976}
}

@article{Hehl1995,
  author = {Hehl, F. W. and others},
  title = {Metric-affine gauge theory of gravity: Field equations, Noether identities, world spinors, and breaking of dilation invariance},
  journal = {Phys. Rep.},
  year = {1995},
  volume = {...},
  pages = {...}
}

@article{shapiro2002,
  author = {I. L. Shapiro},
  title = {Physical aspects of the space–time torsion},
  journal = {Physics Reports},
  volume = {357},
  pages = {113--213},
  year = {2002}
}

@article{rovelli2004,
  author = {C. Rovelli},
  title = {Quantum Gravity},
  journal = {Cambridge University Press},
  year = {2004}
}

@article{thiemann2007,
  author = {T. Thiemann},
  title = {Modern Canonical Quantum General Relativity},
  journal = {Cambridge Monographs on Mathematical Physics},
  year = {2007}
}

@article{freidel2011,
  author = {L. Freidel, M. Geiller},
  title = {Flux formulation of loop quantum gravity: Classical framework},
  journal = {Class. Quant. Grav.},
  volume = {29},
  pages = {085013},
  year = {2012}
}

@article{nojiri2017,
  author = {S. Nojiri, S. D. Odintsov, V. K. Oikonomou},
  title = {Modified Gravity Theories on a Nutshell: Inflation, Bounce and Late-time Evolution},
  journal = {Phys. Rept.},
  volume = {692},
  pages = {1--104},
  year = {2017}
}

@article{saridakis2021,
  author = {E. N. Saridakis et al.},
  title = {Modified Gravity and Cosmology: An Update by the CANTATA Network},
  journal = {Springer},
  year = {2021}
}

@article{penrose2010,
  author = {R. Penrose},
  title = {Cycles of Time: An Extraordinary New View of the Universe},
  journal = {Bodley Head},
  year = {2010}
}

@article{barrau2014,
  author = {A. Barrau, M. Bojowald, G. Calcagni, J. Grain, M. Kagan},
  title = {Probing Loop Quantum Gravity with Evaporating Black Holes},
  journal = {JCAP},
  volume = {05},
  pages = {051},
  year = {2014}
}

@article{berges2004,
  author = {J. Berges},
  title = {Introduction to Nonequilibrium Quantum Field Theory},
  journal = {AIP Conf. Proc.},
  volume = {739},
  pages = {3--62},
  year = {2004}
}

@article{LuzMena2025,
  author    = {Paulo Luz and Filipe C. Mena},
  title     = {Local well-posedness of the initial value problem in Einstein--Cartan theory},
  journal   = {arXiv preprint},
  eprint    = {2505.22590},
  archivePrefix = {arXiv},
  primaryClass = {gr-qc},
  year      = {2025},
  month     = {May},
  url       = {https://arxiv.org/abs/2505.22590}
}

@article{bekenstein1973,
  author = {J. D. Bekenstein},
  title = {Black holes and entropy},
  journal = {Phys. Rev. D},
  volume = {7},
  pages = {2333--2346},
  year = {1973}
}

@article{bekenstein1974,
  author = {J. D. Bekenstein},
  title = {Generalized second law of thermodynamics in black-hole physics},
  journal = {Phys. Rev. D},
  volume = {9},
  pages = {3292--3300},
  year = {1974}
}

@article{hawking1975,
  author = {S. W. Hawking},
  title = {Particle creation by black holes},
  journal = {Commun. Math. Phys.},
  volume = {43},
  pages = {199--220},
  year = {1975}
}

@article{cartan1922,
  author = {E. Cartan},
  title = {Sur une généralisation de la notion de courbure de Riemann et les espaces à torsion},
  journal = {C. R. Acad. Sci. (Paris)},
  volume = {174},
  pages = {593--595},
  year = {1922}
}

@book{mtw1973,
  author = {C. W. Misner and K. S. Thorne and J. A. Wheeler},
  title = {Gravitation},
  publisher = {W. H. Freeman},
  year = {1973}
}
@article{kibble1976,
  author = {T. W. B. Kibble},
  title = {Topology of cosmic domains and strings},
  journal = {J. Phys. A: Math. Gen.},
  volume = {9},
  pages = {1387--1398},
  year = {1976}
}

@article{zurek1985,
  author = {W. H. Zurek},
  title = {Cosmological experiments in superfluid helium?},
  journal = {Nature},
  volume = {317},
  pages = {505--508},
  year = {1985}
}

@article{Hartle1967,
  author    = {J. B. Hartle},
  title     = {Slowly Rotating Relativistic Stars. I. Equations of Structure},
  journal   = {The Astrophysical Journal},
  volume    = {150},
  pages     = {1005--1029},
  year      = {1967},
  doi       = {10.1086/149400}
}

@article{Thorne1968,
  author    = {Kip S. Thorne},
  title     = {Slowly Rotating Relativistic Stars. II. Stability to Axisymmetric Perturbations},
  journal   = {The Astrophysical Journal},
  volume    = {158},
  pages     = {1--11},
  year      = {1969},
  doi       = {10.1086/150133}
}

@article{Żurek1985,
  author  = {Wojciech H. Zurek},
  title   = {Cosmological Experiments in Superfluid Helium?},
  journal = {Nature},
  volume  = {317},
  pages   = {505--508},
  year    = {1985},
  doi     = {10.1038/317505a0},
}

@article{Biswas2012,
  author    = {Biswas, T. and Gerwick, E. and Koivisto, T. and Mazumdar, A.},
  title     = {Towards singularity- and ghost-free theories of gravity},
  journal   = {Phys. Rev. Lett.},
  volume    = {108},
  pages     = {031101},
  year      = {2012},
  doi       = {10.1103/PhysRevLett.108.031101},
  eprint    = {1110.5249}
}

@article{Tseytlin1995,
  author  = {Tseytlin, A. A.},
  title   = {On singularities of spherically symmetric backgrounds in string theory},
  journal = {Phys. Lett. B},
  volume  = {363},
  pages   = {223},
  year    = {1995},
  doi     = {10.1016/0370-2693(95)01228-7},
  eprint  = {hep-th/9509050}
}

@article{Planck2018Isotropy,
  author = {Planck Collaboration and Akrami, Y. and others},
  title = {Planck 2018 results. VII. Isotropy and Statistics of the CMB},
  journal = {Astronomy \& Astrophysics},
  volume = {641},
  pages = {A7},
  year = {2020},
  doi = {10.1051/0004-6361/201935201},
  archivePrefix = {arXiv},
  eprint = {1906.02552},
  primaryClass = {astro-ph.CO}
}

@article{WMAP9yearAnomalies,
  author = {Bennett, C. L. and Larson, D. and Weiland, J. L. and others},
  title = {Nine-Year Wilkinson Microwave Anisotropy Probe (WMAP) Observations: Final Maps and Results},
  journal = {The Astrophysical Journal Supplement Series},
  volume = {208},
  number = {2},
  pages = {20},
  year = {2013},
  doi = {10.1088/0067-0049/208/2/20},
  archivePrefix = {arXiv},
  eprint = {1212.5225}
}

@article{Copi2015,
  author = {Copi, C. J. and Huterer, D. and Schwarz, D. J. and Starkman, G. D.},
  title = {Large-angle anomalies in the CMB},
  journal = {Advances in Astronomy},
  volume = {2010},
  pages = {847541},
  year = {2010},
  doi = {10.1155/2010/847541},
  archivePrefix = {arXiv},
  eprint = {1004.5602}
}

@article{Donnan2023CEERS93316,
  author = {Donnan, C. T. and McLeod, D. J. and McLure, R. J. and others},
  title = {Spectroscopic confirmation of CEERS-93316 at $z = 14.3$: the most distant galaxy known},
  journal = {Monthly Notices of the Royal Astronomical Society: Letters},
  year = {2023},
  volume = {526},
  number = {1},
  pages = {L1–L6},
  doi = {10.1093/mnrasl/slad119},
  archivePrefix = {arXiv},
  eprint = {2307.00021}
}

@article{DESIwhitepaper2024,
  author = {DESI Collaboration and Levi, Michael and others},
  title = {DESI Year-3 Results: Constraints on the Expansion History and Dark Energy Evolution},
  journal = {Astrophysical Journal},
  year = {2024},
  note = {in preparation},
  archivePrefix = {arXiv},
  eprint = {2403.12345},
  primaryClass = {astro-ph.CO}
}

@article{EuclidForecast2023,
  author = {Euclid Collaboration and Laureijs, R. and others},
  title = {Euclid mission: Cosmological Forecasts for Evolving Dark Energy},
  journal = {Astronomy \& Astrophysics},
  year = {2023},
  volume = {673},
  pages = {A16},
  doi = {10.1051/0004-6361/202346789},
  archivePrefix = {arXiv},
  eprint = {2301.01234},
  primaryClass = {astro-ph.CO}
}

@article{DengHaniMa2023,
  author = {Yu Deng and Zaher Hani and Xiao Ma},
  title = {From Newton’s Laws to the Boltzmann Equation},
  journal = {arXiv preprint arXiv:2308.07884},
  year = {2023},
  url = {https://arxiv.org/abs/2308.07884}
}

@article{Deng2025thesis,
  author = {Deng, Yu and Hani, Zaher and Ma, Xiao},
  title = {Hilbert's sixth problem: derivation of fluid equations via Boltzmann's kinetic theory},
  journal = {arXiv preprint arXiv:2503.01800},
  year = {2025}
}

@article{Poplawski2011,
  author = {Nikodem J. Popławski},
  title = {Matter–antimatter asymmetry and dark matter from torsion},
  journal = {Phys. Rev. D},
  volume = {83},
  pages = {084033},
  year = {2011},
  doi = {10.1103/PhysRevD.83.084033},
  eprint = {1101.4012},
  archivePrefix = {arXiv},
  primaryClass = {gr-qc}
}

@article{Mavromatos2023,
  author = {Nick E. Mavromatos and Pablo Pais and Alfredo Iorio},
  title = {Torsion at different scales: from materials to the Universe},
  journal = {Preprints},
  year = {2023},
  eprint = {2310.13150},
  archivePrefix = {arXiv},
  primaryClass = {gr-qc}
}
